@misc{fox2010drc,
      title={Dependent Random Choice}, 
      author={Jacob Fox and Benny Sudakov},
      year={2010},
      eprint={0909.3271},
      archivePrefix={arXiv},
      primaryClass={math.CO},
      url={https://arxiv.org/abs/0909.3271}, 
}
    
@article{furedi1991,
	abstract = {Let Lkbe the graph formed by the lowest three levels of the Boolean lattice Bk, i.e.,V(Lk)={\{}0, 1,...,k, 12, 13,..., (k−1)k{\}} and 0is connected toi for all 1≤i≤k, andij is connected toi andj (1≤i<j≤k).},
	author = {F{\"u}redi, Zolt{\'a}n},
	date = {1991/03/01},
	date-added = {2025-04-11 00:40:23 -0600},
	date-modified = {2025-04-11 00:40:23 -0600},
	doi = {10.1007/BF01375476},
	id = {F{\"u}redi1991},
	isbn = {1439-6912},
	journal = {Combinatorica},
	number = {1},
	pages = {75--79},
	title = {On a Tur{\'a}n type problem of Erd{\"o}s},
	url = {https://doi.org/10.1007/BF01375476},
	volume = {11},
	year = {1991},
	bdsk-url-1 = {https://doi.org/10.1007/BF01375476}
}
